
@inproceedings{shrivastava2016,
  title = {{{XTrap}}: {{Trapping}} Client and Server Side {{XSS}} Vulnerability},
  url = {https://ieeexplore.ieee.org/document/7913227},
  doi = {10.1109/PDGC.2016.7913227},
  booktitle = {2016 {{Fourth International Conference}} on {{Parallel}}, {{Distributed}} and {{Grid Computing}} ({{PDGC}})},
  publisher = {{IEEE}},
  date = {2016},
  pages = {394-398},
  keywords = {DOM,Internet,phishing attack,security of data,substance attack,Vulnerability,Web Application,XSS,XSS attack,XSS vulnerability,XTrap},
  author = {Shrivastava, Ankit and Kumar Verma, Vivek and Gauri Shankar, Venkatesh},
  file = {/Users/benjaminjoham/Zotero/storage/3GM58DIC/XTrap- Trapping client and server side XSS vulnerability.pdf}
}

@article{hydara2015,
  title = {Cross-{{Site Scripting Detection Based}} on an {{Enhanced Genetic Algorithm}}},
  volume = {8},
  url = {http://www.indjst.org/index.php/indjst/article/view/86055},
  doi = {10.17485/ijst/2015/v8i30/8},
  issue = {November},
  journaltitle = {Indian Journal of Science and Technology},
  date = {2015},
  pages = {1-9},
  author = {Hydara, Isatou and Md Sultan, Abu Bakar and Zulzalil, Hazura and Admodisastro, Novia},
  file = {/Users/benjaminjoham/Zotero/storage/UZPQR8B8/Cross-Site Scripting Detection Based on an Enhanced Genetic Algorithm.pdf}
}

@article{gupta2016,
  title = {{{XSS}}-{{SAFE}}: {{A Server}}-{{Side Approach}} to {{Detect}} and {{Mitigate Cross}}-{{Site Scripting}} ({{XSS}}) {{Attacks}} in {{JavaScript Code}}},
  volume = {41},
  url = {https://doi.org/10.1007/s13369-015-1891-7},
  doi = {10.1007/s13369-015-1891-7},
  number = {3},
  journaltitle = {Arabian Journal for Science and Engineering},
  date = {2016-03},
  pages = {897-920},
  author = {Gupta, Shashank and Gupta, Brij Bhooshan},
  file = {/Users/benjaminjoham/Zotero/storage/335E4GBP/XSS-SAFE- A Server-Side Approach to Detect and Mitigate Cross-Site Scripting (XSS) Attacks in JavaScript Code.pdf}
}

@inproceedings{saxena2011,
  title = {{{SCRIPTGARD}}: {{Automatic Context}}-Sensitive {{Sanitization}} for {{Large}}-Scale {{Legacy Web Applications}}},
  isbn = {978-1-4503-0948-6},
  url = {http://doi.acm.org/10.1145/2046707.2046776},
  doi = {10.1145/2046707.2046776},
  booktitle = {Proceedings of the 18th {{ACM Conference}} on {{Computer}} and {{Communications Security}}},
  series = {{{CCS}} '11},
  publisher = {{ACM}},
  date = {2011},
  pages = {601-614},
  keywords = {cross-site scripting,runtime analysis,web applications},
  author = {Saxena, Prateek and Molnar, David and Livshits, Benjamin},
  file = {/Users/benjaminjoham/Zotero/storage/SAL2T6TN/ScriptGard- Automatic Context-Sensitive Sanitization for Large-Scale Legacy Web Applications.pdf}
}

@article{mohosinaand2012,
  title = {{{DESERVE}}: {{A}} Framework for {{DEtecting}} Program {{SEcuRity Vulnerability Exploitations}}},
  issn = {9780769547428},
  url = {https://ieeexplore-ieee-org.ezproxy.fh-salzburg.ac.at/document/6258299},
  doi = {10.1109/SERE.2012.22},
  journaltitle = {Proceedings of the 2012 IEEE 6th International Conference on Software Security and Reliability, SERE 2012},
  date = {2012},
  pages = {98-107},
  keywords = {Buffer overflow,In-vivo testing,SQL Injection,XSS},
  author = {Mohosinaand, Amatul and Zulkernine, Mohammad},
  file = {/Users/benjaminjoham/Zotero/storage/9XRCBUIW/DESERVE- A Framework for Detecting Program Security Vulnerability Exploitations.pdf}
}

@article{gupta2015,
  title = {{{PHP}}-Sensor: A Prototype Method to Discover Workflow Violation and {{XSS}} Vulnerabilities in {{PHP}} Web Applications},
  issn = {9781450333580},
  url = {http://dl.acm.org/citation.cfm?doid=2742854.2745719},
  doi = {10.1145/2742854.2745719},
  journaltitle = {Proceedings of the 12th ACM International Conference on Computing Frontiers - CF '15},
  date = {2015},
  pages = {59-59},
  author = {Gupta, Shashank and Gupta, Brij Bhooshan},
  file = {/Users/benjaminjoham/Zotero/storage/77F6IQWM/PHP-sensor- a prototype method to discover workflow violation and XSS vulnerabilities in PHP web applications.pdf}
}

@inproceedings{kurilova2014,
  title = {Type-Specific {{Languages}} to {{Fight Injection Attacks}}},
  isbn = {978-1-4503-2907-1},
  url = {http://doi.acm.org/10.1145/2600176.2600194},
  doi = {10.1145/2600176.2600194},
  booktitle = {Proceedings of the 2014 {{Symposium}} and {{Bootcamp}} on the {{Science}} of {{Security}}},
  series = {{{HotSoS}} '14},
  publisher = {{ACM}},
  date = {2014},
  pages = {18:1--18:2},
  author = {Kurilova, Darya and Omar, Cyrus and Nistor, Ligia and Chung, Benjamin and Potanin, Alex and Aldrich, Jonathan},
  file = {/Users/benjaminjoham/Zotero/storage/X5C5PLIF/Type-Specific Languages to Fight Injection Attacks.pdf}
}

@inproceedings{wang2011,
  title = {Program Slicing Stored {{XSS}} Bugs in Web Application},
  isbn = {978-0-7695-4506-6},
  url = {https://ieeexplore-ieee-org.ezproxy.fh-salzburg.ac.at/document/6041609},
  doi = {10.1109/TASE.2011.43},
  booktitle = {Proceedings - 5th {{International Conference}} on {{Theoretical Aspects}} of {{Software Engineering}}, {{TASE}} 2011},
  publisher = {{IEEE}},
  date = {2011},
  pages = {191-194},
  keywords = {Program Slicing,Static Analysis,Stored Cross-Site Scripting,Web Application},
  author = {Wang, Yi and Li, Zhoujun and Guo, Tao},
  file = {/Users/benjaminjoham/Zotero/storage/4T57VT8C/Program Slicing Stored XSS Bugs in Web Application.pdf}
}

@article{gupta2016a,
  title = {{{CSSXC}}: {{Context}}-Sensitive {{Sanitization Framework}} for {{Web Applications}} against {{XSS Vulnerabilities}} in {{Cloud Environments}}},
  volume = {85},
  url = {https://www.sciencedirect.com/science/article/pii/S1877050916305592},
  doi = {10.1016/J.PROCS.2016.05.211},
  journaltitle = {Procedia Computer Science},
  date = {2016-01},
  pages = {198-205},
  author = {Gupta, Shashank and Gupta, Brij Bhooshan},
  file = {/Users/benjaminjoham/Zotero/storage/538JKEX5/Gupta, Gupta - 2016 - CSSXC Context-sensitive Sanitization Framework for Web Applications against XSS Vulnerabilities in Cloud Environme.pdf}
}

@inproceedings{marashdih2017,
  title = {Detection and Removing Cross Site Scripting Vulnerability in {{PHP}} Web Application},
  isbn = {978-1-5386-2269-8},
  url = {https://ieeexplore-ieee-org.ezproxy.fh-salzburg.ac.at/document/8109033},
  doi = {10.1109/ICPET.2017.11},
  booktitle = {Proceedings - 2017 {{International Conference}} on {{Promising Electronic Technologies}}, {{ICPET}} 2017},
  publisher = {{IEEE}},
  date = {2017},
  pages = {26-31},
  keywords = {Cross Site Scripting,Security Vulnerability,Software Security,Vulnerability Removal,Web Application Security,XSS},
  author = {Marashdih, Abdalla Wasef and Zaaba, Zarul Fitri},
  file = {/Users/benjaminjoham/Zotero/storage/F3I28EUV/Detection and Removing Cross Site Scripting Vulnerability in PHP Web Application.pdf}
}

@article{gupta2017,
  title = {Cross-{{Site Scripting}} ({{XSS}}) Attacks and Defense Mechanisms: Classification and State-of-the-Art},
  volume = {8},
  url = {https://doi.org/10.1007/s13198-015-0376-0},
  doi = {10.1007/s13198-015-0376-0},
  number = {1},
  journaltitle = {International Journal of System Assurance Engineering and Management},
  date = {2017-01},
  pages = {512-530},
  author = {Gupta, Shashank and Gupta, Brij Bhooshan},
  file = {/Users/benjaminjoham/Zotero/storage/LGYHAFIR/Cross-Site Scripting (XSS) attacks and defense mechanisms- classification and state-of-the-art.pdf}
}

@article{hydara2015a,
  title = {Current State of Research on Cross-Site Scripting ({{XSS}}) â€“ {{A}} Systematic Literature Review},
  volume = {58},
  doi = {10.1016/J.INFSOF.2014.07.010},
  journaltitle = {Information and Software Technology},
  date = {2015-02},
  pages = {170-186},
  author = {Hydara, Isatou and Sultan, Abu Bakar Md. and Zulzalil, Hazura and Admodisastro, Novia},
  file = {/Users/benjaminjoham/Zotero/storage/SK89YC2P/Current state of research on cross-site scripting.pdf},
  annotation = {This is a general overview of all XSS Problems until 2015

- Movement from XSS since 2000}
}

@article{sarmah2018,
  title = {A Survey of Detection Methods for {{XSS}} Attacks},
  volume = {118},
  url = {https://linkinghub.elsevier.com/retrieve/pii/S1084804518302042},
  doi = {10.1016/j.jnca.2018.06.004},
  journaltitle = {Journal of Network and Computer Applications},
  date = {2018-07},
  pages = {113-143},
  author = {Sarmah, Upasana and Bhattacharyya, D.K. and Kalita, J.K.},
  file = {/Users/benjaminjoham/Zotero/storage/BNHJVAXM/A Survey of Detection Methods for XSS Attacks.pdf}
}

@article{gupta2016b,
  title = {{{JS}}-{{SAN}}: Defense Mechanism for {{HTML5}}-Based Web Applications against {{JavaScript}} Code Injection Vulnerabilities},
  volume = {9},
  url = {https://onlinelibrary.wiley.com/doi/abs/10.1002/sec.1433},
  doi = {10.1002/sec.1433},
  number = {11},
  journaltitle = {Security and Communication Networks},
  date = {2016},
  pages = {1477-1495},
  keywords = {clustering,cross-site scripting (XSS) attack,HTML5,javascript (JS) code injection vulnerabilities,sanitization},
  author = {Gupta, Shashank and Gupta, Brij Bhooshan},
  file = {/Users/benjaminjoham/Zotero/storage/3V7LTU99/JS-SAN- defense mechanism for HTML5-based web applications against javascript code injection vulnerabilities.pdf}
}

@article{marashdih2017a,
  title = {Cross {{Site Scripting}}: {{Removing Approaches}} in {{Web Application}}},
  volume = {124},
  doi = {10.1016/j.procs.2017.12.201},
  journaltitle = {Procedia Computer Science},
  date = {2017},
  pages = {647-655},
  author = {Marashdih, Abdalla Wasef and Zaaba, Zarul Fitri},
  file = {/Users/benjaminjoham/Zotero/storage/TG89SLR5/Marashdih, Zaaba - 2017 - Cross Site Scripting Removing Approaches in Web Application.pdf}
}


